% Referências à serem buscadas:
% (CARDILLE; FOLEY, 2003; SIMMONS et al.,2007)
% (SHY, 2004; SOLER; VERBURG; ALVES, 2014)}
% (ANTON; DELTAS; KHANNA, 2004; BOWMAN et al., 2012)}
% 

@article{eniac,
  title={ENIAC: The triumphs and tragedies of the world’s first computer},
  author={McCartney, Scott},
  year={1999}
}

@inproceedings{ml,
  title={A review of machine learning and deep learning applications},
  author={Shinde, Pramila P and Shah, Seema},
  booktitle={2018 Fourth international conference on computing communication control and automation (ICCUBEA)},
  pages={1--6},
  year={2018},
  organization={IEEE}
}

@article{dataoil,
  title={Data is the new oil},
  author={Humby, Clive},
  journal={Proc. ANA Sr. Marketer’s Summit. Evanston, IL, USA},
  year={2006}
}

@inproceedings{datamining1,
  title={Knowledge Discovery and Data Mining: Towards a Unifying Framework.},
  author={Fayyad, Usama M and Piatetsky-Shapiro, Gregory and Smyth, Padhraic and others},
  booktitle={KDD},
  volume={96},
  pages={82--88},
  year={1996}
}

@book{datamining2,
  title={Data Mining},
  author={Goldschmidt, Ronaldo and Passos, Emmanuel and Bezerra, Eduardo},
  year={2015},
  publisher={Elsevier Brasil}
}

@MISC{pespectiva,
author = {ALavoura},
title = {Quais as perspectivas do agronegócio para 2023/2025?},
month = aug,
year = {2022},
howpublished={url{https://alavoura.com.br/cenario-agro/setor-agro/quais-as-perspectivas-do-agronegocio-para-2023-2025/}}
}
